<record><leader>00000cas a22000007a 4500</leader><controlfield tag="001">9628391</controlfield><controlfield tag="008">830621d18uu1889nyuwr ne      0    0eng d</controlfield><datafield ind1=" " ind2=" " tag="010"><subfield code="a">sn 83030594 </subfield></datafield><datafield ind1=" " ind2=" " tag="040"><subfield code="a">NPU</subfield><subfield code="b">eng</subfield><subfield code="c">NPU</subfield><subfield code="d">OCLCQ</subfield></datafield><datafield ind1=" " ind2=" " tag="042"><subfield code="a">msc</subfield></datafield><datafield ind1="0" ind2="4" tag="245"><subfield code="a">The Grocers' price-current.</subfield></datafield><datafield ind1=" " ind2=" " tag="260"><subfield code="a">New York :</subfield><subfield code="b">N.Y. Mercantile Journal Co.</subfield></datafield><datafield ind1=" " ind2=" " tag="300"><subfield code="a">v. :</subfield><subfield code="b">ill. (chiefly advertisement) ;</subfield><subfield code="c">70 cm.</subfield></datafield><datafield ind1=" " ind2=" " tag="310"><subfield code="a">Weekly</subfield></datafield><datafield ind1="1" ind2=" " tag="362"><subfield code="a">Ceased in 1889.</subfield><subfield code="z">Cf. Gregory, Amer. newspapers, 1937.</subfield></datafield><datafield ind1=" " ind2=" " tag="500"><subfield code="a">"In the interchangeability (at the option of the holder) of national paper money with government bonds bearing a fixed rate of interest, there is a subtle principle that will regulate the movements of finance and commerce as accurately as the motion of the steam engine is regulated by its governor. Such paper money tokens would be much nearer perfect measures of value than gold and silver ever have been, or ever can be. The use of gold, or other merchandise, as money, is a barbarism of the age."</subfield></datafield><datafield ind1=" " ind2=" " tag="580"><subfield code="a">Other editions or departments available.</subfield></datafield><datafield ind1=" " ind2=" " tag="588"><subfield code="a">Description based on: Vol. 10, whole no. 48; n.s. vol. 3, no. 40 (Feb., 1873).</subfield></datafield><datafield ind1=" " ind2=" " tag="752"><subfield code="a">United States</subfield><subfield code="b">New York</subfield><subfield code="c">New York</subfield><subfield code="d">New York.</subfield></datafield><datafield ind1="1" ind2=" " tag="775"><subfield code="t">New York mercantile journal and merchants, manufacturers' and bankers ledger</subfield><subfield code="g">-1889</subfield><subfield code="w">(DLC)sn 83030595</subfield></datafield><datafield ind1="1" ind2=" " tag="775"><subfield code="t">Hardware price-current</subfield><subfield code="g">-1889</subfield><subfield code="w">(DLC)sn 83030593</subfield></datafield></record>